<?xml version="1.0" encoding="UTF-8"?><collection xmlns="http://www.loc.gov/MARC21/slim"><record><leader>00437nam--2200145-i-4500</leader><controlfield tag="001">000013615</controlfield><controlfield tag="002">20161230</controlfield><controlfield tag="005">20170210115905</controlfield><controlfield tag="008">060222s1000------------r-----000-0-eng-d</controlfield><datafield ind1=" " ind2=" " tag="100"><subfield code="a">Hanes, Gheorghina</subfield></datafield><datafield ind1=" " ind2=" " tag="245"><subfield code="a">Dictionar francez-roman, roman-francez editia a II-a revizuita si adaugita</subfield></datafield><datafield ind1=" " ind2=" " tag="260"><subfield code="a">Bucuresti</subfield><subfield code="b">Ed.Stiint.Si Encicl</subfield><subfield code="c">1981</subfield></datafield><datafield ind1=" " ind2=" " tag="300"><subfield code="a">677 p</subfield></datafield><datafield ind1=" " ind2=" " tag="852"><subfield code="a">801.323.2=40=590:801.323.2=590=40</subfield></datafield><datafield ind1=" " ind2=" " tag="CAT"><subfield code="a">SYS</subfield><subfield code="c">20170210</subfield><subfield code="h">115905</subfield></datafield></record></collection>